%This file was created with JabRef 2.1 beta 2.
%Encoding: ASCII

@INCOLLECTION{Basu2004,
  author = {\textbf{$^*$Basu M. K.}},
  title = {{B}ioinformatics Over the {W}eb: {S}e{W}e{R}, as You May Think},
 booktitle = {Computational Genomics: T{}heory and Application},
  publisher = {Horizon Press, UK},
  year = {2004},
  editor = {Grant, R P},
  owner = {mbasu},
  timestamp = {2008.01.11}
}

@INCOLLECTION{Basu2004a,
  author = {\textbf{Basu M. K.} and Mishra R. K.},
  title = {Bioinformatics and The Art of Sequence Analysis},
  booktitle = {Recent Advances in Biotechnology},
  publisher = {Shree Publishers, New Delhi},
  year = {2004},
  editor = {Gautam, N C and Singh, M P},
  owner = {mbasu},
  timestamp = {2008.01.11}
}

@comment{jabref-meta: selector_publisher:}

@comment{jabref-meta: selector_author:}

@comment{jabref-meta: selector_journal:}

@comment{jabref-meta: selector_keywords:}

